@online{frobenius,
    author = {Weisstein, Eric W.},
    title = {Frobenius Norm},
    year = {2021},
    url = {https://mathworld.wolfram.com/FrobeniusNorm.html},
    note = {MathWorld--A Wolfram Web Resource}
}

@online{complex_conjugates,
    author = {ProofWiki},
    title = {Product of Complex Conjugates},
    year = {2021},
    url = {https://proofwiki.org/wiki/Product_of_Complex_Conjugates},
    note = {ProofWiki}
    }

@article{borg2020on-sky,
    author = {Borg, J. and Magro, A. and Zarb Adami, K. and de lera Acedo, E. and Sutinjo, A. and Ung, D.},
    title = {On-sky calibration of a SKA1-low station in the presence of mutual coupling},
    journal = {Monthly Notices of the Royal Astronomical Society},
    volume = {496},
    number = {1},
    pages = {933--942},
    year = {2020},
    month = {July},
    doi = {10.1093/mnras/staa1406},
    url = {https://doi.org/10.1093/mnras/staa1406}
}


@article{antenna_theory,
    author = {Balanis, Constantine A.},
    title = {Antenna Theory: Analysis and Design},
    journal = {Radio Science},
    volume = {45},
    number = {6},
    pages = {RS6S02},
    year = {2010},
    month = {November},
    doi = {10.1029/2010RS004518},
    url = {https://agupubs.onlinelibrary.wiley.com/doi/pdf/10.1029/2010RS004518}
}

@article{salvini2014fast,
    author = {Salvini, Stefano and Wijnholds, Stefan J.},
    title = {Fast gain calibration in radio astronomy using alternating direction implicit methods: Analysis and applications},
    journal = {Astronomy \& Astrophysics},
    volume = {571},
    year = {2014},
    doi = {10.1051/0004-6361/201424487},
    url = {https://doi.org/10.1051/0004-6361/201424487}
}

@online{adi_method,
    author = {Wikipedia},
    title = {Alternating-direction implicit method},
    year = {2021},
    url = {https://en.wikipedia.org/wiki/Alternating-direction_implicit_method},
    note = {Wikipedia}
}

@online{Array_beamforming,
    author = {Virginia Tech}},
    title = {Chapter 3 Antenna Arrays and Beamforming},
    year = {},
    url = {https://vtechworks.lib.vt.edu/server/api/core/bitstreams/038479b6-115b-4931-aaeb-5cedf22193fb/content}
}
